@inproceedings{shen2018person,
  title={Person re-identification with deep similarity-guided graph neural network},
  author={Shen, Yantao and Li, Hongsheng and Yi, Shuai and Chen, Dapeng and Wang, Xiaogang},
  booktitle={Proceedings of the European Conference on Computer Vision (ECCV)},
  pages={486--504},
  year={2018}
}

@inproceedings{prates2019learning,
  title={Learning to solve np-complete problems: A graph neural network for decision tsp},
  author={Prates, Marcelo and Avelar, Pedro HC and Lemos, Henrique and Lamb, Luis C and Vardi, Moshe Y},
  booktitle={Proceedings of the AAAI Conference on Artificial Intelligence},
  volume={33},
  pages={4731--4738},
  year={2019}
}

@inproceedings{liang2016semantic,
  title={Semantic object parsing with graph lstm},
  author={Liang, Xiaodan and Shen, Xiaohui and Feng, Jiashi and Lin, Liang and Yan, Shuicheng},
  booktitle={European Conference on Computer Vision},
  pages={125--143},
  year={2016},
  organization={Springer}
}
